@MISC{mms_website,
  title =        {Magnetospheric Multiscale (MMS) Mission},
  howpublished = {http://mms.gsfc.nasa.gov/},
}

@MISC{swri,
  author =       {J. L. Burch and W. S. Lewis},
  title =        {Magnetospheric Multiscale Mission},
  howpublished = {http://mms.space.swri.edu/},
  year =         {2011},
  month =        {Feb},
}
